<record><leader>00000cas a2200000 a 4500</leader><controlfield tag="001">11838719</controlfield><controlfield tag="008">850322d18371846ohuwr ne      0    0eng d</controlfield><datafield ind1=" " ind2=" " tag="010"><subfield code="a">sn 85038155 </subfield></datafield><datafield ind1=" " ind2=" " tag="040"><subfield code="a">NPY</subfield><subfield code="b">eng</subfield><subfield code="c">NPY</subfield><subfield code="d">NPX</subfield><subfield code="d">DLC</subfield><subfield code="d">ONP</subfield><subfield code="d">KNP</subfield><subfield code="d">OCL</subfield><subfield code="d">OCLCQ</subfield><subfield code="d">DLC</subfield><subfield code="d">OCLCF</subfield><subfield code="d">OCLCO</subfield></datafield><datafield ind1=" " ind2=" " tag="042"><subfield code="a">msc</subfield></datafield><datafield ind1=" " ind2=" " tag="043"><subfield code="a">n-us-oh</subfield></datafield><datafield ind1="0" ind2="0" tag="050"><subfield code="a">Newspaper 9214-X</subfield></datafield><datafield ind1="0" ind2=" " tag="130"><subfield code="a">Ohio news (Hillsborough, Ohio : 1837)</subfield></datafield><datafield ind1="1" ind2="4" tag="245"><subfield code="a">The Ohio news.</subfield></datafield><datafield ind1=" " ind2=" " tag="260"><subfield code="a">Hillsborough [Hillsboro], Ohio :</subfield><subfield code="b">J. Brown,</subfield><subfield code="c">1837-</subfield></datafield><datafield ind1=" " ind2=" " tag="300"><subfield code="a">v. ;</subfield><subfield code="c">54-60 cm.</subfield></datafield><datafield ind1=" " ind2=" " tag="310"><subfield code="a">Weekly</subfield></datafield><datafield ind1="0" ind2=" " tag="362"><subfield code="a">Vol. 1, no. 1 (Apr. 21, 1837)-</subfield></datafield><datafield ind1="1" ind2=" " tag="362"><subfield code="a">Ceased in 1846?</subfield><subfield code="z">Cf. Mink, A. Union list of Ohio newspapers, 1946.</subfield></datafield><datafield ind1=" " ind2=" " tag="500"><subfield code="a">Publishers: James Brown, 1837-1845; A.P. Russell, 1845-&lt;1846&gt;.</subfield></datafield><datafield ind1=" " ind2=" " tag="500"><subfield code="a">"Whig." Cf. Gutgesell, S. Guide to Ohio newspapers, 1974.</subfield></datafield><datafield ind1=" " ind2=" " tag="525"><subfield code="a">Has occasional supplements.</subfield></datafield><datafield ind1=" " ind2="0" tag="651"><subfield code="a">Hillsboro (Ohio)</subfield><subfield code="v">Newspapers.</subfield></datafield><datafield ind1=" " ind2="7" tag="655"><subfield code="a">Newspapers.</subfield><subfield code="2">fast</subfield><subfield code="0">(OCoLC)fst01423814</subfield></datafield><datafield ind1=" " ind2="7" tag="651"><subfield code="a">Ohio</subfield><subfield code="z">Hillsboro.</subfield><subfield code="2">fast</subfield><subfield code="0">(OCoLC)fst01232642</subfield></datafield><datafield ind1="1" ind2=" " tag="700"><subfield code="a">Brown, James.</subfield></datafield><datafield ind1="1" ind2=" " tag="700"><subfield code="a">Russell, A. P.</subfield><subfield code="q">(Addison Peale),</subfield><subfield code="d">1826-1912.</subfield></datafield><datafield ind1=" " ind2=" " tag="752"><subfield code="a">United States</subfield><subfield code="b">Ohio</subfield><subfield code="c">Highland</subfield><subfield code="d">Hillsborough.</subfield></datafield><datafield ind1=" " ind2=" " tag="752"><subfield code="a">United States</subfield><subfield code="b">Ohio</subfield><subfield code="c">Highland</subfield><subfield code="d">Hillsboro.</subfield></datafield><datafield ind1="0" ind2="0" tag="785"><subfield code="t">Highland news (Hillsborough, Ohio : 1847)</subfield><subfield code="w">(DLC)sn 85038156</subfield></datafield></record>